<?xml version="1.0" encoding="UTF-8"?><collection><record><leader>06995ntm a2200541 a 4500</leader><controlfield tag="001">005985807</controlfield><controlfield tag="003">MiAaHDL</controlfield><controlfield tag="005">20190719000000.0</controlfield><controlfield tag="006">m        d        </controlfield><controlfield tag="007">cr bn ---auaua</controlfield><controlfield tag="008">090406q12uu1349xx            00| ||ara d</controlfield><datafield tag="035" ind1=" " ind2=" "><subfield code="a">(MiU)005985807</subfield></datafield><datafield tag="035" ind1=" " ind2=" "><subfield code="a">sdr-miu005985807</subfield></datafield><datafield tag="040" ind1=" " ind2=" "><subfield code="a">MiU</subfield><subfield code="c">MiU</subfield><subfield code="e">amremm</subfield></datafield><datafield tag="043" ind1=" " ind2=" "><subfield code="a">n-us-mi</subfield></datafield><datafield tag="100" ind1="1" ind2=" "><subfield code="6">880-01</subfield><subfield code="a">Zamakhsharī, Maḥmūd ibn ʻUmar,</subfield><subfield code="d">1075-1144.</subfield></datafield><datafield tag="240" ind1="1" ind2="0"><subfield code="6">880-02</subfield><subfield code="a">Kashshāf.</subfield><subfield code="n">Juzʼ 1 and 2</subfield></datafield><datafield tag="245" ind1="1" ind2="3"><subfield code="6">880-03</subfield><subfield code="a">[al-Juzʼ al-awwal wa-al-thānī min tafsīr al-Kashshāf ʻan ḥaqāʼiq al-tanzīl,</subfield><subfield code="f">13th or early 14th century?].</subfield></datafield><datafield tag="260" ind1=" " ind2=" "><subfield code="c">[12-- to 1349?]</subfield></datafield><datafield tag="300" ind1=" " ind2=" "><subfield code="a">401 leaves :</subfield><subfield code="b">paper ;</subfield><subfield code="c">260 x 170 (215 x 125) mm. bound to 252-263 x 170-175 mm.</subfield></datafield><datafield tag="500" ind1=" " ind2=" "><subfield code="a">Shelfmark: Ann Arbor, University of Michigan, Special Collections Library, Isl. Ms. 457</subfield></datafield><datafield tag="500" ind1=" " ind2=" "><subfield code="a">Origin: Dating and signature statements supplied in different hand and ink on fol.399b (dating only) and fol.401b (dating and signature) may be that of collator, corrector or glossator and suggest a terminus ante quem of 1349. Statement of fol.399b dated 12 Rabī I 750 [ca. 31 May 1349], reads "لما كان بتاريخ ثاني عشر بربيع الاول سنة خمسين وسبعمائة ...؟" ; statement dated 15 Rabīʻ I 750 [ca. 3 June 1349] and signature of Muḥammad ibn Yaḥyá al-Barakī [?] al-Shāfiʻī on fol.401b reads "لما كان بتاريخ خامس عشر شهر ربيع الاول سنة خمسين وسبعمائة حضر [؟] ... محمد بن يحيى البركي [؟] الشافعي." Hand, paper, etc. certainly consistent with dating of early 14th or even 13th century.</subfield></datafield><datafield tag="500" ind1=" " ind2=" "><subfield code="a">Accompanying materials: a. Inventory cataloguing slip in hand of Winifred Smeaton Thomas. -- b. Acquisitions slip from Yahuda.</subfield></datafield><datafield tag="500" ind1=" " ind2=" "><subfield code="a">Former shelfmark: From spine label, "IL 57" (likely supplied by Yahuda, see acquisitions slip).</subfield></datafield><datafield tag="500" ind1=" " ind2=" "><subfield code="a">Binding: Pasteboards covered in assorted red-brown leathers; Type II binding (with flap); upper and lower covers mismatched, clearly of different dimensions and decoration, likely cobbled together from existing covers created for different codices; doublure of upper cover is inscribed with shelfmark ("IL 60c" likely supplied by Yahuda), title, citations, etc. for a different ms.; both upper and lower covers bear a blind-stamped central mandorla though upper should be compared with Déroche class. OSh 2 and lower with Déroche class. OAi 4; envelope flap and fore-edge flap each bear blind-stamped pendants; doublures of laid paper; portions of spine are rotted and detaching from textblock or simply missing; large sections of the textblock are loose; binding has suffered due to size of textblock and is no longer whole; upper and lower covers are each detached from spine; in very poor condition.</subfield></datafield><datafield tag="500" ind1=" " ind2=" "><subfield code="a">Support: non-European (likely Arab) laid paper; laid lines running vertically and spaced roughly 7 laid lines per cm. for juzʼ 1 and roughly 6 laid lines per cm. for juzʼ 2; faint impression of chain lines grouped in twos; blank leaf of European laid paper with 3 crescents watermark lies between juzʼ 1 and 2, likely once served as a flyleaf for juzʼ 2.</subfield></datafield><datafield tag="500" ind1=" " ind2=" "><subfield code="a">Decoration: Textual dividers in red on incipit and facing page of juzʼ 1 (fol.1b-2a); sūrah and section headings for juzʼ 1 rubricated.</subfield></datafield><datafield tag="500" ind1=" " ind2=" "><subfield code="a">Script: Naskh; at least four different large, elegant hands (likely Egyptian or Syrian), including the main hand of each juzʼ, the hand supplying an added leaf in the first quire of juzʼ1 and the hand supplying the entire tenth quire of juzʼ 1; headings and Qur'anic text in each juzʼ are supplied in larger naskh.</subfield></datafield><datafield tag="500" ind1=" " ind2=" "><subfield code="a">Layout: Written in 21 lines per page; frame-ruled (impression of ruling board evident).</subfield></datafield><datafield tag="500" ind1=" " ind2=" "><subfield code="a">Collation: IV+1 (9), 7 V (79), IV +1 (88), 11 V (198), IV+1 (207), i (208), IV+1 (9), 18 V (397), II (401); chiefly quinions; middle-of-the-quire marks appear in the form of dots (juzʼ 1 from at least fol.143b) or short oblique strokes (juzʼ 2 fore nearly all quires) placed in the upper corner of the right-hand leaf and lower corner of the left-hand leaf; quire numbering in the form of full words appears in juzʼ 2 for nearly all quires from the second quire on, though for most part of word(s) is cut off; catchwords present, though appear to have been added later; pagination in pencil, Western numerals (referenced in cataloguing).</subfield></datafield><datafield tag="500" ind1=" " ind2=" "><subfield code="a">Colophon: "Scribal," rectangular, reads: "كمل الجزء الثاني والحمد لله وحده وصلى الله على محمد واله وسلم كثيرا يتلوه في الجزء الثالث معنى اكل الاموال على وجهين"</subfield></datafield><datafield tag="500" ind1=" " ind2=" "><subfield code="a">Explicit: "بقوله ويابي الله وكيف اوقع موقع ولا يريد الله الا ان يتم نوره"</subfield></datafield><datafield tag="500" ind1=" " ind2=" "><subfield code="a">Incipit: "اللهم صلى الله على محمد واله وسلم الحمد لله الذي انزل القرآن كلاما مؤلفا منظما"</subfield></datafield><datafield tag="500" ind1=" " ind2=" "><subfield code="a">Title supplied by cataloguer.</subfield></datafield><datafield tag="500" ind1=" " ind2=" "><subfield code="a">Ms. composite codex.</subfield></datafield><datafield tag="505" ind1="0" ind2=" "><subfield code="a">3. fol.209a-401b : al-Juzʼ al-thānī min al-Kashshāf / Abū al-Qāsim Maḥmūd ibn ʻUmar al-Zamakhsharī.</subfield></datafield><datafield tag="505" ind1="0" ind2=" "><subfield code="a">2. fol.208a-208b : [blank].</subfield></datafield><datafield tag="505" ind1="0" ind2=" "><subfield code="a">1. fol.1a-207b : al-Juzʼ al-awwal min tafsīr al-Kashshāf ʻan ḥaqāʼiq al-tanzīl / Abū al-Qāsim Maḥmūd ibn ʻUmar al-Zamakhsharī.</subfield></datafield><datafield tag="520" ind1="8" ind2=" "><subfield code="a">Two parts of al-Zamakhsharī's celebrated commentary on the Qur'an, covering the first nine suras. Part one covers Sūrat al-Fātiḥah through Sūrat al-Nisāʼ, and part two covers the remainder of Sūrat al-Nisāʼ through Sūrat al-Tawbah. Each part was once contained in its own volume (see traces of former envelope flap on fol.209a-210b) and later the two codices were rebound in a single volume.</subfield></datafield><datafield tag="538" ind1=" " ind2=" "><subfield code="a">Mode of access: Internet.</subfield></datafield><datafield tag="541" ind1=" " ind2=" "><subfield code="a">Acquired in 1926 from the bookseller Isaac Benjamin S.E. Yahuda via purchase transacted on his behalf by Abraham Shalom Yahuda (1877-1951), his younger brother.</subfield></datafield><datafield tag="546" ind1=" " ind2=" "><subfield code="a">Arabic.</subfield></datafield><datafield tag="561" ind1=" " ind2=" "><subfield code="a">Ownership statements on fol.1a ("من كتب الفقير محمد ...؟") and fol.209a, very difficult to read; one statement of fol.1a appears to be dated 912 [1506 or 7]; numerous marginal corrections (to enter variants, clarify cacographic errors, etc.) and glosses throughout; mark of collation "بلغ" on fol.7a and fol.13b.</subfield></datafield><datafield tag="630" ind1="0" ind2="0"><subfield code="a">Qurʼan</subfield><subfield code="v">Commentaries</subfield><subfield code="v">Early works to 1800.</subfield></datafield><datafield tag="650" ind1=" " ind2="0"><subfield code="a">Manuscripts, Arabic</subfield><subfield code="z">Michigan</subfield><subfield code="z">Ann Arbor.</subfield></datafield><datafield tag="740" ind1="0" ind2="2"><subfield code="a">Juzʼ al-thānī min al-Kashshāf</subfield></datafield><datafield tag="740" ind1="0" ind2="2"><subfield code="a">Juzʼ al-awwal min tafsīr al-Kashshāf ʻan ḥaqāʼiq al-tanzīl</subfield></datafield><datafield tag="773" ind1="0" ind2=" "><subfield code="a">Yahuda Collection.</subfield></datafield><datafield tag="880" ind1="1" ind2="2"><subfield code="6">245-03/</subfield><subfield code="a">[الجزء الأول والثاني من تفسير الكشاف عن حقائق التنزيل,</subfield><subfield code="f">القرن 13م او اوائل القرن 14م؟].</subfield></datafield><datafield tag="880" ind1="1" ind2="0"><subfield code="6">240-02/</subfield><subfield code="a">كشاف.</subfield><subfield code="n">جزء 1 و 2</subfield></datafield><datafield tag="880" ind1="1" ind2=" "><subfield code="6">100-01/</subfield><subfield code="a">زمخشري، محمود بن عمر,</subfield><subfield code="d">1075-1144.</subfield></datafield><datafield tag="CID" ind1=" " ind2=" "><subfield code="a">005985807</subfield></datafield><datafield tag="DAT" ind1="0" ind2=" "><subfield code="a">20190719102633.0</subfield><subfield code="b">20190719000000.0</subfield></datafield><datafield tag="DAT" ind1="1" ind2=" "><subfield code="a">20190719090653.0</subfield><subfield code="b">2019-07-19T16:11:11Z</subfield></datafield><datafield tag="DAT" ind1="2" ind2=" "><subfield code="a">2015-10-02T18:00:03Z</subfield></datafield><datafield tag="CAT" ind1=" " ind2=" "><subfield code="a">SDR-MIU</subfield><subfield code="d">EX LIBRIS - ALEPH</subfield><subfield code="l">prepare.pl-004-008</subfield></datafield><datafield tag="FMT" ind1=" " ind2=" "><subfield code="a">BK</subfield></datafield><datafield tag="HOL" ind1=" " ind2=" "><subfield code="0">sdr-miu005985807</subfield><subfield code="a">MiU</subfield><subfield code="b">SDR</subfield><subfield code="c">MIU</subfield><subfield code="p">mdp.39015079105691</subfield><subfield code="s">MIU</subfield><subfield code="1">005985807</subfield></datafield><datafield tag="974" ind1=" " ind2=" "><subfield code="b">MIU</subfield><subfield code="c">MIU</subfield><subfield code="d">20190719</subfield><subfield code="s">lit-dlps-dc</subfield><subfield code="u">mdp.39015079105691</subfield><subfield code="y">1349</subfield><subfield code="r">pd</subfield><subfield code="q">bib</subfield><subfield code="t">non-US bib date2 &lt; 1896</subfield></datafield></record></collection>